
@misc{Akam2023,
  author       = {Akam, Thomas and Costa, Laura and Walmsley, Ben},
  title        = {PyControl: Open-source hardware and software for behavioural neuroscience (Version 2.0)},
  howpublished = {Zenodo},
  year         = {2023},
  note         = {Computer software \& hardware},
  doi          = {10.5281/zenodo.8032211}
}

@misc{Arduino2024,
  author       = {{Arduino}},
  title        = {Arduino UNO R3},
  year         = {2024},
  note         = {Microcontroller board},
  howpublished = {\url{https://docs.arduino.cc/hardware/uno-r3}}
}

@article{Arakawa2018,
  author  = {Arakawa, H.},
  title   = {Ethological approach to social isolation effects in behavioral studies of laboratory rodents},
  journal = {Behavioural Processes},
  volume  = {152},
  pages   = {3--13},
  year    = {2018},
  doi     = {10.1016/j.beproc.2018.03.021}
}

@article{Branchi2006,
  author  = {Branchi, Igor and Alleva, Enrico},
  title   = {Communal nesting, an early social enrichment, increases the adult anxiety-like response and shapes the role of social context in modulating emotional behaviour},
  journal = {Pharmacology Biochemistry and Behavior},
  volume  = {85},
  number  = {1},
  pages   = {17--26},
  year    = {2006},
  doi     = {10.1016/j.pbb.2006.06.007}
}

@article{Falk1961,
  author  = {Falk, J. L.},
  title   = {Production of polydipsia in normal rats by an intermittent food schedule},
  journal = {Science},
  volume  = {133},
  number  = {3447},
  pages   = {195--196},
  year    = {1961},
  doi     = {10.1126/science.133.3447.195}
}

@article{Fineberg2010,
  author  = {Fineberg, Naomi A. and Potenza, Marc N. and Chamberlain, Samuel R. and Berlin, Heather A. and Menzies, Laura and Bechara, Antoine and Sahakian, Barbara J. and Robbins, Trevor W. and Hollander, Eric},
  title   = {Probing compulsive and impulsive behaviors across disorders: A transdiagnostic systematic review},
  journal = {Neuroscience \& Biobehavioral Reviews},
  volume  = {35},
  number  = {3},
  pages   = {345--352},
  year    = {2010},
  doi     = {10.1016/j.neubiorev.2010.11.003}
}

@article{Fone2008,
  author  = {Fone, Kevin C. F. and Porkess, Mary V.},
  title   = {Behavioural and neurochemical effects of post-weaning social isolation in rodents—Relevance to developmental neuropsychiatric disorders},
  journal = {Neuroscience \& Biobehavioral Reviews},
  volume  = {32},
  number  = {6},
  pages   = {1087--1102},
  year    = {2008},
  doi     = {10.1016/j.neubiorev.2008.03.003}
}

@article{FuentesVerdugo2023,
  author  = {Fuentes-Verdugo, E. and Durán, E. and Sánchez, C. and Pellón, R.},
  title   = {Environmental enrichment accelerates the acquisition of schedule-induced drinking in rats},
  journal = {Behavioural Processes},
  volume  = {212},
  pages   = {104934},
  year    = {2023},
  doi     = {10.1016/j.beproc.2023.104934}
}

@article{Jones1989,
  author  = {Jones, G. H. and Marsden, C. A. and Robbins, T. W.},
  title   = {Increased sensitivity to amphetamine and reward-related stimuli following isolation rearing in rats: Possible relevance to schizophrenia},
  journal = {Psychopharmacology},
  volume  = {98},
  number  = {3},
  pages   = {260--266},
  year    = {1989},
  doi     = {10.1007/BF00451692}
}

@article{ibias2016effects,
  title={Effects of dopamine agents on a schedule-induced polydipsia procedure in the spontaneously hypertensive rat and in Wistar control rats},
  author={{\'I}bias, Javier and Migu{\'e}ns, Miguel and Pell{\'o}n, Ricardo},
  journal={Journal of Psychopharmacology},
  volume={30},
  number={9},
  pages={856--866},
  year={2016},
  publisher={Sage Publications Sage UK: London, England}
}

@article{lopez2021assessment,
  title={Assessment of the ‘timing’function of schedule-induced behavior on fixed-interval performance.},
  author={L{\'o}pez-Tolsa, Gabriela E and Pell{\'o}n, Ricardo},
  journal={Journal of Experimental Psychology: Animal Learning and Cognition},
  volume={47},
  number={3},
  pages={326},
  year={2021},
  publisher={American Psychological Association}
}

@article{Killeen2013,
  author  = {Killeen, Peter R. and Pellón, Ricardo},
  title   = {Adjunctive behaviors are operants},
  journal = {Learning \& Behavior},
  volume  = {41},
  number  = {1},
  pages   = {1--24},
  year    = {2013},
  doi     = {10.3758/s13420-012-0095-1}
}

@misc{Lopes2023,
  author       = {Lopes, Gonçalo and Bonacchi, Nicola and Frazão, João and Carandini, Matteo},
  title        = {Bonsai (Version 2.7)},
  year         = {2023},
  note         = {Computer software},
  howpublished = {\url{https://github.com/bonsai-rx/bonsai}}
}

@article{MartinGonzalez2022,
  author  = {Martín-González, A. M. and Pellón, R. and Gil, M.},
  title   = {Socioemotional deficit and HPA axis time response in high compulsive rats selected by schedule-induced polydipsia},
  journal = {Behavioural Brain Research},
  volume  = {426},
  pages   = {113869},
  year    = {2022},
  doi     = {10.1016/j.bbr.2022.113869}
}

@article{Moreno2012,
  author  = {Moreno, M. and Flores, P.},
  title   = {Environmental enrichment modulates schedule-induced polydipsia in rats},
  journal = {Behavioural Pharmacology},
  volume  = {23},
  number  = {2},
  pages   = {128--137},
  year    = {2012},
  doi     = {10.1097/FBP.0b013e32834f3c52}
}

@misc{Pena2025,
  author       = {Peña Sánchez-Covisa, Marcos},
  title        = {TFG-PIP: Scripts for schedule-induced polydipsia figures (Version 1.0)},
  year         = {2025},
  note         = {Computer software},
  howpublished = {\url{https://github.com/devilcius/TFG-PIP}}
}

@article{Robbins1996,
  author  = {Robbins, T. W. and Cador, M. and Taylor, J. R. and Everitt, B. J.},
  title   = {Limbic--striatal interactions in reward-related processes},
  journal = {Neuroscience \& Biobehavioral Reviews},
  volume  = {20},
  number  = {4},
  pages   = {481--492},
  year    = {1996},
  doi     = {10.1016/0149-7634(96)00031-5}
}

@incollection{Staddon1977,
  author    = {Staddon, J. E. R.},
  title     = {Schedule-induced behavior},
  booktitle = {Handbook of operant behavior},
  editor    = {Honig, W. K. and Staddon, J. E. R.},
  publisher = {Prentice-Hall},
  pages     = {125--152},
  year      = {1977}
}

@article{Sturman2018,
  author  = {Sturman, D. A. and Copeland, E. S. and Moghaddam, B.},
  title   = {Open-field locomotor activity and its relationship to anxiety and sensorimotor gating},
  journal = {Behavioural Processes},
  volume  = {157},
  pages   = {590--598},
  year    = {2018},
  doi     = {10.1016/j.beproc.2018.07.014}
}

@article{Wurbel2001,
  author  = {Würbel, Hanno},
  title   = {Ideal homes? Housing effects on rodent brain and behaviour},
  journal = {Trends in Neurosciences},
  volume  = {24},
  number  = {4},
  pages   = {207--211},
  year    = {2001},
  doi     = {10.1016/S0166-2236(00)01718-5}
}
@misc{PelletDispenserGitHub,
  author       = {Kennedy, Jack P.},
  title        = {Pellet Dispenser for Arduino},
  year         = {2016},
  howpublished = {\url{https://github.com/jackpkenn/PelletDispenser}},
  note         = {Versión utilizada consultada en 2025}
}
